
@incollection{shannon,
 author={Sloane, N. J. A. and Wyner, Aaron D.},
 title={Scientific Aspects of Juggling},
 booktitle={Claude E. Shannon: Collected Papers},
 year={1993},
 volume={},
 number={},
 pages={850-864},
 doi={10.1109/9780470544242.ch65}
}

@book{taocp,
 author = {Knuth, Donald E.},
 title = {The Art of Computer Programming, volumes 4B, fascicule 5},
 year = 2019,
 publisher = {Addison Wesley Professional},
}

@book{polster,
 author = {Polster, Burkard},
 title = {The Mathematics of Juggling},
 year = 2003,
 publisher = {Springer}
}

@incollection{karp1972reducibility,
  title={Reducibility among combinatorial problems},
  author={Karp, Richard M},
  booktitle={Complexity of computer computations},
  pages={85--103},
  year={1972},
  publisher={Springer}
}

